@misc{StudentsMeetYourNewTeacher,
  Month = {March},
  Title = {Students, Meet Your New Teacher, Mr. Robot},
  note = {http://www.nytimes.com/2010/07/11/science/11robots.html, visited july 2013},
  Year = {2013},
}

@article{conversationalGazeMechanisms,
  author = {Mutlu, Bilge and Kanda, Takayuki and Forlizzi, Jodi and Hodgins, Jessica and Ishiguro, Hiroshi},
  title = {Conversational gaze mechanisms for humanlike robots},
  journal = {ACM Trans. Interact. Intell. Syst.},
  issue_date = {January 2012},
  volume = {1},
  number = {2},
  month = jan,
  year = {2012},
  issn = {2160-6455},
  pages = {12:1--12:33},
  articleno = {12},
  numpages = {33},
  url = {http://doi.acm.org/10.1145/2070719.2070725},
  doi = {10.1145/2070719.2070725},
  acmid = {2070725},
  publisher = {ACM},
  address = {New York, NY, USA},
  keywords = {Human-robot interaction, conversation, conversational roles, discourse structure, gaze, humanlike robots, turn-taking},
} 

@article{MakingSocialRobotsMoreAttractive,
  year={2013},
    issn={1875-4791},
    journal={International Journal of Social Robotics},
    volume={5},
    number={2},
    doi={10.1007/s12369-012-0171-x},
    title={Making Social Robots More Attractive: The Effects of Voice Pitch, Humor and Empathy},
    url={http://dx.doi.org/10.1007/s12369-012-0171-x},
    publisher={Springer Netherlands},
    keywords={Social robots; Voice pitch; Humor; Empathy; User studies; Quantitative evaluation},
    author={Niculescu, Andreea and Dijk, Betsy and Nijholt, Anton and Li, Haizhou and See, SweeLan},
    pages={171-191},
    language={English}
}


@article{GenerationAndEvaluationOfCommunicativeRobotGesture,
  year={2012},
    issn={1875-4791},
    journal={International Journal of Social Robotics},
    volume={4},
    number={2},
    doi={10.1007/s12369-011-0124-9},
    title={Generation and Evaluation of Communicative Robot Gesture},
    url={http://dx.doi.org/10.1007/s12369-011-0124-9},
    publisher={Springer Netherlands},
    keywords={Multimodal interaction and conversational skills; Non-verbal cues and expressiveness; Social human-robot interaction; Robot companions and social robots},
    author={Salem, Maha and Kopp, Stefan and Wachsmuth, Ipke and Rohlfing, Katharina and Joublin, Frank},
    pages={201-217},
    language={English}
}


@article{
  year={2012},
    issn={1875-4791},
    journal={International Journal of Social Robotics},
    volume={4},
    number={2},
    doi={10.1007/s12369-011-0123-x},
    title={Grounding the Interaction: Anchoring Situated Discourse in Everyday Human-Robot Interaction},
    url={http://dx.doi.org/10.1007/s12369-011-0123-x},
    publisher={Springer Netherlands},
    keywords={Cognitive robotics; Human-robot interaction; Symbol grounding; Knowledge representation; Human-robot dialogue},
    author={Lemaignan, SÃ©verin and Ros, Raquel and Sisbot, E.Akin and Alami, Rachid and Beetz, Michael},
    pages={181-199},
    language={English}
}



@article{PracticalComparisonOfThreeRobotLearning,
  year={2012},
    issn={1875-4791},
    journal={International Journal of Social Robotics},
    volume={4},
    number={4},
    doi={10.1007/s12369-012-0158-7},
    title={A Practical Comparison of Three Robot Learning from Demonstration Algorithm},
    url={http://dx.doi.org/10.1007/s12369-012-0158-7},
    publisher={Springer Netherlands},
    keywords={Learning from demonstration; Human-robot interaction; Robotics},
    author={Suay, HalitBener and Toris, Russell and Chernova, Sonia},
    pages={319-330},
    language={English}
}

@article{Argall2009469,
  title = "A survey of robot learning from demonstration ",
  journal = "Robotics and Autonomous Systems ",
  volume = "57",
  number = "5",
  pages = "469 - 483",
  year = "2009",
  note = "",
  issn = "0921-8890",
  doi = "http://dx.doi.org/10.1016/j.robot.2008.10.024",
  url = "http://www.sciencedirect.com/science/article/pii/S0921889008001772",
  author = "Brenna D. Argall and Sonia Chernova and Manuela Veloso and Brett Browning",
  keywords = "Learning from demonstration",
  keywords = "Robotics",
  keywords = "Machine learning",
  keywords = "Autonomous systems "
}


% Perception.
@inproceedings{cheng2012design,
  title={Design and implementation of human-robot interactive demonstration system based on Kinect},
  author={Cheng, Liying and Sun, Qi and Su, Han and Cong, Yang and Zhao, Shuying},
  booktitle={Control and Decision Conference (CCDC), 2012 24th Chinese},
  pages={971--975},
  year={2012},
  organization={IEEE}
}

@inproceedings{alexiadis2011evaluating,
  title={Evaluating a dancer's performance using kinect-based skeleton tracking},
  author={Alexiadis, Dimitrios S and Kelly, Philip and Daras, Petros and O'Connor, Noel E and Boubekeur, Tamy and Moussa, Maher Ben},
  booktitle={Proceedings of the 19th ACM international conference on Multimedia},
  pages={659--662},
  year={2011},
  organization={ACM}
}

